<?xml version="1.0" encoding="UTF-8"?><collection xmlns="http://www.loc.gov/MARC21/slim"><record><leader>00509nam--2200181-u-4500</leader><controlfield tag="001">000050818</controlfield><controlfield tag="002">20161230</controlfield><controlfield tag="005">20170221173845</controlfield><controlfield tag="008">080410s1000------------r-----000-0-eng-d</controlfield><datafield ind1=" " ind2=" " tag="040"><subfield code="a">IFIN-HH</subfield></datafield><datafield ind1="1" ind2=" " tag="100"><subfield code="a">Dym, D</subfield></datafield><datafield ind1="1" ind2="0" tag="245"><subfield code="a">Gaussian Processes, Function Theory, and the Inverse Spectral Problem</subfield></datafield><datafield ind1=" " ind2=" " tag="260"><subfield code="a">New York</subfield><subfield code="b">Academic Press</subfield><subfield code="c">1976</subfield></datafield><datafield ind1=" " ind2=" " tag="300"><subfield code="a">333 p</subfield></datafield><datafield ind1=" " ind2=" " tag="490"><subfield code="a">Probability and Mathematical Statistics</subfield><subfield code="v">vol. 31</subfield></datafield><datafield ind1=" " ind2=" " tag="700"><subfield code="a">McKean, H. P</subfield></datafield><datafield ind1=" " ind2=" " tag="852"><subfield code="a">37584</subfield><subfield code="c">51</subfield></datafield><datafield ind1=" " ind2=" " tag="CAT"><subfield code="a">SYS</subfield><subfield code="c">20170221</subfield><subfield code="h">173845</subfield></datafield></record></collection>